<collection xmlns="http://www.loc.gov/MARC21/slim">
<record>
  <leader>01283nam0a22002651i 450 </leader>
  <controlfield tag="001">IT\ICCU\CNCE\029762</controlfield>
  <controlfield tag="005">19990714000000.0</controlfield>
  <datafield tag="012" ind1=" " ind2=" ">
    <subfield code="a">o.Ro e-i- fuco tosc (3) 1526 (R)</subfield>
    <subfield code="2">fei</subfield>
  </datafield>
  <datafield tag="100" ind1=" " ind2=" ">
    <subfield code="a">19971122d1526        0itac0103    ba</subfield>
  </datafield>
  <datafield tag="101" ind1=" " ind2=" ">
    <subfield code="a">ITA</subfield>
  </datafield>
  <datafield tag="102" ind1=" " ind2=" ">
    <subfield code="a">IT</subfield>
  </datafield>
  <datafield tag="200" ind1="1" ind2=" ">
    <subfield code="a">Chronica delle vite de pontifici et imperatori romani composta per m. Francesco Petrarcha alla quale sono state quelle che da tempi del Petrarcha insino alla eta nostra mancano</subfield>
  </datafield>
  <datafield tag="210" ind1=" " ind2=" ">
    <subfield code="e">In Vinegia</subfield>
    <subfield code="g">per Gregorio di Gregorii</subfield>
    <subfield code="h">1526</subfield>
  </datafield>
  <datafield tag="215" ind1=" " ind2=" ">
    <subfield code="a">120, \2! c.</subfield>
    <subfield code="d">8ʻ</subfield>
  </datafield>
  <datafield tag="300" ind1=" " ind2=" ">
    <subfield code="a">identico al 14531</subfield>
  </datafield>
  <datafield tag="620" ind1=" " ind2=" ">
    <subfield code="a">IT</subfield>
    <subfield code="d">Venezia</subfield>
  </datafield>
  <datafield tag="700" ind1=" " ind2="1">
    <subfield code="a">Petrarca,</subfield>
    <subfield code="b">Francesco</subfield>
    <subfield code="3">IT\ICCU\CNCA\001153</subfield>
  </datafield>
  <datafield tag="712" ind1="0" ind2="0">
    <subfield code="a">De_Gregori, Gregorio</subfield>
    <subfield code="3">IT\ICCU\CNCT\000087</subfield>
    <subfield code="4">650</subfield>
  </datafield>
  <datafield tag="791" ind1="0" ind2="0">
    <subfield code="a">Gregoriis, Gregorius de</subfield>
    <subfield code="3">IT\ICCU\CNCT\003749</subfield>
    <subfield code="z">De_Gregori, Gregorio</subfield>
  </datafield>
  <datafield tag="791" ind1="0" ind2="0">
    <subfield code="a">Gregori, Gregorio de</subfield>
    <subfield code="3">IT\ICCU\CNCT\004572</subfield>
    <subfield code="z">De_Gregori, Gregorio</subfield>
  </datafield>
  <datafield tag="791" ind1="0" ind2="0">
    <subfield code="a">Grigorii, Gregorio de</subfield>
    <subfield code="3">IT\ICCU\CNCT\004573</subfield>
    <subfield code="z">De_Gregori, Gregorio</subfield>
  </datafield>
  <datafield tag="801" ind1=" " ind2="3">
    <subfield code="a">IT</subfield>
    <subfield code="b">ICCU</subfield>
    <subfield code="c">20201114</subfield>
  </datafield>
  <datafield tag="899" ind1=" " ind2=" ">
    <subfield code="a">Biblioteca del Clero di S. Alessandro in Colonna (depositata presso Bibl. mons. G.M. Radini Tedeschi). Bergamo</subfield>
    <subfield code="1">BG0043</subfield>
    <subfield code="2">LO1 56</subfield>
  </datafield>
  <datafield tag="899" ind1=" " ind2=" ">
    <subfield code="a">Biblioteca francescano-cappuccina provinciale. Milano</subfield>
    <subfield code="1">MI0183</subfield>
    <subfield code="2">ZMI 51</subfield>
  </datafield>
  <datafield tag="899" ind1=" " ind2=" ">
    <subfield code="a">Biblioteca nazionale universitaria. Torino</subfield>
    <subfield code="1">TO0265</subfield>
    <subfield code="2">TO0 02</subfield>
  </datafield>
</record>
</collection>
